,,Templates below (add at sign to front to actually use):

Book:
book{ *insert_label*,
              title = { },
              author = { },
              edition = { },
              year = { },
              publisher={ }
           }

Journal article:
article{ ,
          author={ },
	  title={ },
          journal={ },
          volume={ },
          year={ },
          pages={ }
	}
	
Website (add at sign to from):
misc{ *insert_label*,
              title={ },
              howpublished={\url{ }},
              note={Accessed: yyyy-mm-dd}
}


Book:
@book{yellowbook,
              title = {Selected Papers on Automath },
              author = {Nederpelt and Geuver and de Vrijer},
              year = {1994},
              publisher={North-Holland }
           }

incollection{ ,
  author      = {},
  title       = {},
  editor      = {Nederpelt and Geuver and  de Vrijer},
  booktitle   = {Selected Papers on Automath},
  publisher   = {North-Holland},
  %address     = {},
  year        = {1994},
  pages       = {},
 % chapter     = {} ,
}

@incollection{debruijna2 ,
  author      = {de Bruijn, N. G.},
  title       = {The Mathematical Language Automath, its Usage, and some of its Extensions},
  editor      = {Nederpelt and Geuver and de Vrijer},
  booktitle   = {Selected Papers on Automath},
  publisher   = {North-Holland},
  year        = {1994},
  pages       = {73-100},
  note={see page 87 for proofs as types.}
}

@incollection{autsl ,
  author      = {de Bruijn, N. G.},
  title       = {AUT-SL, a Single Line Version of Automath},
  editor      = {Nederpelt and Geuver and de Vrijer},
  booktitle   = {Selected Papers on Automath},
  publisher   = {North-Holland},
  year        = {1994},
  pages       = {275-81},
}

@incollection{autlambda ,
  author      = {de Bruijn, N. G.},
  title       = {Generalizing Automath by Means of a Lambda-Typed Lambda Calculus},
  editor      = {Nederpelt and Geuver and de Vrijer},
  booktitle   = {Selected Papers on Automath},
  publisher   = {North-Holland},
  year        = {1994},
  pages       = {313-37},
note={See remarks on p. 336.  Also see remarks on p. 275, in \cite{autsl}}
}

@misc{lestradesource ,
              author={Holmes, M. R.},
              title={Lestrade Type Inspector Source with comments},
              howpublished={\url{ http://math.boisestate.edu/~holmes/automath/lestrade.sml}},
              note={In the same directory, there is a readable version with comments, change to {\tt .pdf} extension.}
}

@misc{lestrademanual ,
              author={Holmes, M. R.},
              title={A system of dependent types, with an implementation and a philosophy},
              howpublished={\url{ http://math.boisestate.edu/~holmes/automath/dependent_types.pdf}},
              note={This old draft paper serves as the Lestrade manual.  It also contains extensive examples of Lestrade implementations of basic concepts..}
}

@misc{maniacmanual ,
              author={Holmes, M. R.},
              title={Manual of the MANIAC Automath checker},
              howpublished={\url{ http://math.boisestate.edu/~holmes/automath/automathmanual.pdf}},
}

@misc{maniacsource ,
              author={Holmes, M. R.},
              title={Source of the MANIAC Automath checker},
              howpublished={\url{ http://math.boisestate.edu/~holmes/automath/automath.py}},
}

@misc{hott,
              author={Holmes, M. R.},
              title={Implementing homotype type theory in Lestrade},
              howpublished={\url{http://math.boisestate.edu/~holmes/automath/hotttest.pdf }},
              note={This is incomplete but does illustrate use of rewriting to extend the type system of Lestrade.}
}

@misc{fibonacci,
              author={Holmes, M. R.},
              title={A computational experiment:  programming the computation of Fibonacci numbers in Lestrade},
              howpublished={\url{http://math.boisestate.edu/~holmes/automath/fibonacci.pdf}},
}

@incollection{autsynt ,
  author      = {van Benthem-Jutting, L. S.},
  title       = {Checking Landau's `Grundlagen' in the Automath system.  Appendix 9 (AUT-SYNT)},
  editor      = {Nederpelt and Geuver and  de Vrijer},
  booktitle   = {Selected Papers on Automath},
  publisher   = {North-Holland},
  year        = {1994},
  pages       = {299-301},
}

@incollection{juttingd ,
  author      = {van Benthem-Jutting, L. S.},
  title       = {Checking Landau's `Grundlagen' in the Automath system},
  editor      = {Nederpelt and Geuver and de Vrijer},
  booktitle   = {Selected Papers on Automath},
  publisher   = {North-Holland},
  year        = {1994},
  pages       = {701-732, 763-780},
}

@misc{grundlagen,
              author={van Benthem-Jutting, L. S.},
              title={the original source files for the verification of the Grundlagen},
              howpublished={\url{http://www.cs.ru.nl/F.Wiedijk/aut/grundlagen-1.0.tar.gz}},
              note={original files recovered by F. m as discussed in \cite{autmanual}, \cite{autpaper}}
}



@book{landau,
              title = {Foundations of Analysis },
              author = {Landau, E. },
              year = {1951 },
              publisher={Chelsea }
           }
@incollection{vandaalena3 ,
  author      = {van Daalen, D. T.},
  title       = {A Description of Automath and Some Aspects of its Language Theory},
  editor      = {Nederpelt and Geuver and de Vrijer},
  booktitle   = {Selected Papers on Automath},
  publisher   = {North-Holland},
  year        = {1994},
  pages       = {101-126},
}

@misc{autmanual,
              author={Wiedijk, F.},
              title={A nice and accurate checker for the mathematical language Automath},
              howpublished={\url{http://www.cs.ru.nl/F.Wiedijk/aut/aut-4.2.tar.gz}},
              note={The manual is included in the {\tt aut} distribution, found at the URL indicated.}
}
@article{autpaper ,
          author={ Wiedijk, F. },
	  title={A New Implementation of Automath },
          journal={Journal of Automated Reasoning },
          volume={29 },
          year={2002 },
          pages={365-387},
          doi={10.1023/A:1021983302516}
	}

